<?xml version="1.0" encoding="UTF-8"?>
<record xmlns="http://www.loc.gov/MARC21/slim" xmlns:xsi="http://www.w3.org/2001/XMLSchema-instance" xsi:schemaLocation="http://www.loc.gov/MARC21/slim http://www.loc.gov/standards/marcxml/schema/MARC21slim.xsd">
<leader>00000cam a22      i 4500</leader>
<controlfield tag="001">001677512</controlfield>
<controlfield tag="003">NNU</controlfield>
<controlfield tag="005">20151007165318.0</controlfield>
<controlfield tag="008">870828s1948    ua h     b    001 0carard</controlfield>
<datafield tag="035" ind1=" " ind2=" ">
<subfield code="a">(OCoLC)16581496</subfield>
</datafield>
<datafield tag="040" ind1=" " ind2=" ">
<subfield code="a">CLU</subfield>
<subfield code="b">eng</subfield>
<subfield code="c">CLU</subfield>
<subfield code="d">OCL</subfield>
<subfield code="d">OCLCG</subfield>
<subfield code="d">OCLCQ</subfield>
<subfield code="d">OCLCO</subfield>
<subfield code="d">OCLCF</subfield>
<subfield code="d">OCLCQ</subfield>
<subfield code="d">OCLCO</subfield>
<subfield code="d">NNU</subfield>
</datafield>
<datafield tag="050" ind1=" " ind2="4">
<subfield code="a">CS1122</subfield>
<subfield code="b">.I2 1948</subfield>
</datafield>
<datafield tag="100" ind1="1" ind2=" ">
<subfield code="6">880-01</subfield>
<subfield code="a">Ibn Ḥazm, ʻAlī ibn Aḥmad,</subfield>
<subfield code="d">994-1064.</subfield>
</datafield>
<datafield tag="245" ind1="1" ind2="0">
<subfield code="6">880-02</subfield>
<subfield code="a">Jamharat ansāb al-ʻArab /</subfield>
<subfield code="c">E. Levi-Brovinsal.</subfield>
</datafield>
<datafield tag="246" ind1="3" ind2=" ">
<subfield code="a">Djamharat ansab al-'Arab</subfield>
</datafield>
<datafield tag="260" ind1=" " ind2=" ">
<subfield code="6">880-03</subfield>
<subfield code="a">Miṣr :</subfield>
<subfield code="b">Dār al-Maʻārif,</subfield>
<subfield code="c">1948.</subfield>
</datafield>
<datafield tag="300" ind1=" " ind2=" ">
<subfield code="a">11, 524, 11 pages :</subfield>
<subfield code="b">facsimiles ;</subfield>
<subfield code="c">25 cm.</subfield>
</datafield>
<datafield tag="336" ind1=" " ind2=" ">
<subfield code="a">text</subfield>
<subfield code="b">txt</subfield>
<subfield code="2">rdacontent</subfield>
</datafield>
<datafield tag="337" ind1=" " ind2=" ">
<subfield code="a">unmediated</subfield>
<subfield code="b">n</subfield>
<subfield code="2">rdamedia</subfield>
</datafield>
<datafield tag="338" ind1=" " ind2=" ">
<subfield code="a">volume</subfield>
<subfield code="b">nc</subfield>
<subfield code="2">rdacarrier</subfield>
</datafield>
<datafield tag="490" ind1="1" ind2=" ">
<subfield code="6">880-04</subfield>
<subfield code="a">Dhakhāʼir al-ʻĀrab ;</subfield>
<subfield code="v">2</subfield>
</datafield>
<datafield tag="500" ind1=" " ind2=" ">
<subfield code="a">Introduction in French.</subfield>
</datafield>
<datafield tag="500" ind1=" " ind2=" ">
<subfield code="a">Title on added t.p.: Djamharat ansab al-'Arab.</subfield>
</datafield>
<datafield tag="504" ind1=" " ind2=" ">
<subfield code="a">Includes bibliographical references and indexes.</subfield>
</datafield>
<datafield tag="650" ind1=" " ind2="0">
<subfield code="a">Arabs</subfield>
<subfield code="v">Genealogy.</subfield>
</datafield>
<datafield tag="650" ind1=" " ind2="7">
<subfield code="a">Arabs.</subfield>
<subfield code="2">fast</subfield>
<subfield code="0">(OCoLC)fst00812576</subfield>
</datafield>
<datafield tag="655" ind1=" " ind2="7">
<subfield code="a">Genealogy.</subfield>
<subfield code="2">fast</subfield>
<subfield code="0">(OCoLC)fst01423818</subfield>
</datafield>
<datafield tag="700" ind1="1" ind2=" ">
<subfield code="6">880-05</subfield>
<subfield code="a">Lévi-Provençal, Evariste,</subfield>
<subfield code="d">1894-1956.</subfield>
</datafield>
<datafield tag="880" ind1="1" ind2=" ">
<subfield code="6">100-01/</subfield>
<subfield code="a">ابن حزم، علي بن أحمد،</subfield>
<subfield code="d">994-1064.</subfield>
</datafield>
<datafield tag="880" ind1="1" ind2="0">
<subfield code="6">245-02/</subfield>
<subfield code="a">جمهرة أنساب العرب /</subfield>
<subfield code="c">لأبي محمد علي بن سعيد بن حزم الأندلسي ؛ نشر و تحقيق و تعليق إ.ليفي بروڤنسال.</subfield>
</datafield>
<datafield tag="880" ind1=" " ind2=" ">
<subfield code="6">260-03/</subfield>
<subfield code="a">مصر :</subfield>
<subfield code="b">دار المعارف،</subfield>
<subfield code="c">١٩٤٨.</subfield>
</datafield>
<datafield tag="880" ind1="1" ind2=" ">
<subfield code="6">490-04/</subfield>
<subfield code="a">ذخائر العرب ؛</subfield>
<subfield code="v">٢</subfield>
</datafield>
<datafield tag="880" ind1="1" ind2=" ">
<subfield code="6">700-05/</subfield>
<subfield code="a">إ.ليفي، بروڤنسال،</subfield>
<subfield code="d">18941956.</subfield>
</datafield>
<datafield tag="830" ind1=" " ind2="0">
<subfield code="6">880-06</subfield>
<subfield code="a">Dhakhāʼir al-ʻArab ;</subfield>
<subfield code="v">2.</subfield>
</datafield>
<datafield tag="880" ind1=" " ind2="0">
<subfield code="6">830-06/</subfield>
<subfield code="a">ذخائر العرب ;</subfield>
<subfield code="v">٢.</subfield>
</datafield>
<datafield tag="OWN" ind1=" " ind2=" ">
<subfield code="a">GENERAL</subfield>
</datafield>
<datafield tag="AVA" ind1=" " ind2=" ">
<subfield code="a">NYU50</subfield>
<subfield code="b">BOBST</subfield>
<subfield code="c">Main Collection</subfield>
<subfield code="d">CS1122 .I2 1948</subfield>
<subfield code="e">unavailable</subfield>
<subfield code="t">Unavailable</subfield>
<subfield code="f">1</subfield>
<subfield code="g">1</subfield>
<subfield code="h">N</subfield>
<subfield code="i">2</subfield>
<subfield code="j">MAIN</subfield>
<subfield code="k">0</subfield>
</datafield>
</record>
